%%%%%%%%%%%%%%%%%%%%%%%%
%%% ABHSM references %%%
%%%%%%%%%%%%%%%%%%%%%%%%

@techreport{ABHSMD.2005,
  author      = {{Agence du Bassin Hydraulique de Souss Massa et Drâa}},
  shortauthor = {ABHSMD},
  title       = {Stratégie de préservation des ressources en eau souterraine dans le bassin du Souss Massa - Plan d'action 2005-2020},
  year        = {2005},
  pages       = {61},
  note        = {No public access, information as cited in \parencite{Choukr.2017}},
}

@techreport{ABHSMD.2007,
  author      = {{Agence du Bassin Hydraulique de Souss Massa et Drâa}},
  shortauthor = {ABHSMD},
  title       = {Volume 6: Qualité de l'eau et charge pollutante. Etude de Révision du Plan Directeur d'Aménagement Intégré des Ressources en Eau (PDAIRE) des bassins du Souss Massa},
  volume      = {6},
  year        = {2007},
  note        = {No public access, information as cited in \parencite{Choukr.2017}},
}

@techreport{ABHSMD.2015,
  author      = {{Agence du Bassin Hydraulique de Souss Massa et Drâa}},
  shortauthor = {ABHSMD},
  title       = {Etude et élaboration de contrat de nappe de Chtouka (province Chtouka-Ait Baha) Mission 2: Etat des lieux, tendance d'évolution future et élaboration du plan d'action},
  year        = {2015},
  note        = {No public access, information as cited in \parencite{Malki.2017}},
}

@misc{ABHSM-Dams.2022,
  author       = {{Agence du Bassin Hydraulique de Souss Massa}},
  shortauthor  = {ABHSM},
  organization = {Agence du Bassin Hydraulique de Souss Massa},
  howpublished = {Webpage},
  title        = {Etat de remplissage des retenues de barrages 07/09/2022 à 08h00},
  year         = {2022},
  url          = {www.abhsm.ma},
  note         = {Accessed: 13.09.2022},
}

@misc{ABHSM-EauSout.2022,
  author       = {{Agence du Bassin Hydraulique de Souss Massa}},
  shortauthor  = {ABHSM},
  howpublished = {Webpage},
  title        = {Eau Souterraine: Evaluation des eaux},
  year         = {2022},
  note         = {Accessed: 17.09.2022},
  url          = {www.abhsm.ma}
}

@misc{ABHSM-MapsSMD.2022,
  author       = {{Agence du Bassin Hydraulique de Souss Massa}},
  shortauthor  = {ABHSM},
  howpublished = {Webpage},
  title        = {Cartes thématiques},
  year         = {2022},
  url          = {www.abhsm.ma},
  note         = {Accessed: 09.2022},
}

@misc{ABHSM-HydStats.2022,
  author       = {{Agence du Bassin Hydraulique de Souss Massa}},
  shortauthor  = {ABHSM},
  title        = {Situation Hydrologique},
  howpublished = {Webpage},
  url          = {www.abhsm.ma/index.php/partenariat-5/situation-hydrologique},
  year         = {2022},
  note         = {Accessed: 20.09.2022},
}










%%%%%%%%%%%%%%%%%%%%%%%%
%%% other references %%%
%%%%%%%%%%%%%%%%%%%%%%%%

@techreport{Anzar.2016,
  author      = {{ANZAR CONSEIL}},
  shortauthor = {{ANZAR CONSEIL}},
  title       = {Etude et élaboration de contrat de nappe de Chtouka - BdD "Prélévements Nappe Chtouka"},
  year        = {2016},
  note        = {No public access, information as cited in provided project data},
}

@misc{Aquaveo.2019,
  author       = {{Aquaveo, LLC.}},
  shortauthor  = {Aquaveo},
  url          = {www.xmswiki.com/wiki/GMS:Conductance},
  title        = {GMS:Conductance},
  year         = {2019},
  note         = {Accessed: 13.09.2022},
}

@misc{Aquaveo.2021,
  author       = {{Aquaveo, LLC.}},
  shortauthor  = {Aquaveo},
  url          = {www.aquaveo.com/},
  title        = {Aquaveo Webpage},
  year         = {2021},
  note         = {Accessed: 06.09.2022}
}

@misc{Bernet.1968,
author = {Bernet, G.},
year = {1968},
title = {Care hydrogéologique de la plaine des Chtouka},
type         = {Piezometric map}
}

@article{Bernet.1977,
  author          = {Bernet, G. and El Hebil, A.},
  journal         = {Ressources en Eau du Maroc, Tome 3: domaine atlasique et sud-atlasique},
  title           = {Plaine de Chtouka},
  volume          = {231},
  year            = {1977},
  series          = {Notes et Mémoires du Service Géologique du Maroc},
  pages           = {202--211}
}

@incollection{Choukr.2017,
  author         = {Choukr-Allah, R. and Nghira, A. and Hirich, A. and Bouchaou, L.},
  booktitle      = {The Souss-Massa River Basin, Morocco},
  publisher      = {Springer},
  title          = {Water Resources Master Plan for Sustainable Development of the Souss-Massa River Basin},
  year           = {2017},
  editor         = {Choukr-Allah, R. and Ragab, R. and Bouchaou, L. and Barceló, D.}
}

@book{Choubert.1964,
  title={Histoire géologique du Précambrien de l'Anti-Atlas},
  author={Choubert, G.},
  number={162},
  year={1964},
  publisher={Éditions du Service géologique du Maroc}
}

@misc{OSS.2023,
  author       = {Sahara and Sahel Observatory},
  shortauthor = {OSS},
  howpublished = {},
  url = {http://www.oss-online.org/en/water/crem}, 
  title        = {CREM project: Regional Cooperation for a Sustainable Management of the Water Resources in the Maghreb},
  year         = {2023},
  note         = {Accessed: 12.06.2023}
}

@book{Critchfield.1983,
  author         = {Critchfield, H.J.},
  institution    = {Prentice-Hall Englewood Cliffs},
  title          = {General Climatology},
  year           = {1983},
  edition        = {4},
  isbn           = {0-13-349217-6},
  pages          = {453}
}

@techreport{DRSM.2020,
  author      = {{Direction Régionale de Souss Massa}},
  shortauthor = {DRSM},
  institution = {Haut-Commissariat au Plan},
  title       = {Annuaire Statistique Régional Souss Massa - 2020},
  year        = {2020},
  url         = {www.hcp.ma/region-agadir/},
  note        = {Accessed: 18.09.2022},
}

@article{Duan.1993,
  title     = {Shuffled complex evolution approach for effective and efficient global minimization},
  author    = {Duan, Q.Y. and Gupta, V. K. and Sorooshian, S.},
  journal   = {Journal of optimization theory and applications},
  volume    = {76},
  number    = {3},
  pages     = {501--521},
  year      = {1993},
  publisher = {Springer}
}

@inbook{ElRawy.2022,
author = {El-Rawy, M. and Zijl, W. and Salem, A. and Awad, A. and Eltarabily, M. and Negm, A.},
year = {2022},
month = {09},
pages = {39-70},
title = {Fundamentals of Groundwater Modeling Methods and a Focused Review on the Groundwater Models of the Nile Valley Aquifer},
isbn = {978-3-031-12675-8},
doi = {10.1007/978-3-031-12676-5_3}
}

@article{English.1990,
  title={Deficit irrigation. I: Analytical framework},
  author={English, M.},
  journal={Journal of irrigation and drainage engineering},
  volume={116},
  number={3},
  pages={399--412},
  year={1990},
  publisher={American Society of Civil Engineers}
}

@book{Fetter.2001,
  title     = {Applied Hydrogeology},
  author    = {Fetter, C. W.},
  year      = {2001},
  publisher = {Pearson Education International},
  edition   = {4}
}

@techreport{Harbaugh.2000,
  author      = {Harbaugh, A. W. and Banta, E. R. and Hill, M. C. and McDonald, M. G.},
  institution = {U.S. Geological Survey},
  title       = {MODFLOW-2000, The U.S. Geological Survey modular Ground-Water Model - User Guide to Modularization Concepts and the Ground-Water Flow Process},
  year        = {2000}
}

@mastersthesis{Horn.2021,
  author  = {Horn, F.},
  school  = {Institute of Applied Geosciences, Karlsruhe Institute of Technology},
  title   = {Numerical Modelling of Seawater Intrusion in the Chtouka Aquifer, Morocco},
  year    = {2021}
}

@incollection{Hssaisoune.2017,
  author         = {Hssaisoune, M. and Boutaleb, S. and Benssaou, M. and Bouaakkaz, B. and Bouchaou, L.},
  booktitle      = {The Souss-Massa River Basin, Morocco},
  publisher      = {Springer},
  title          = {Physical Geography, Geology, and Water Resource Availability of the Souss-Massa River Basin},
  year           = {2017},
  editor         = {Choukr-Allah, R. and Ragab, R. and Bouchaou, L. and Barceló, D.}
}

@book{Johnson.1967,
  title={Specific yield: compilation of specific yields for various materials},
  author={Johnson, Arnold Ivan},
  number={1662},
  year={1967},
  publisher={US Government Printing Office}
}

@misc{Kalberkamp.2021,
  author       = {Kalberkamp, U. and Tauchnitz, M. and Brauch, K.},
  title        = {Final Report - TEM Measurements in the Chtouka Plain},
  year         = {2021}
}

@article{Krimissa.2004,
  title={Sur l'origine par altération du substratum schisteux de la minéralisation chlorurée des eaux d'une nappe côtière sous climat semi-aride (Chtouka-Massa, Maroc)},
  author={Krimissa, S. and Michelot, J.-L. and Bouchaou, L. and Mudry, J. and Hsissou, Y.},
  journal={Comptes Rendus Geoscience},
  volume={336},
  number={15},
  pages={1363--1369},
  year={2004},
  publisher={Elsevier}
}

@techreport{Langevin.2009,
  title       = {SEAWAT: A computer program for simulation of variable-density groundwater flow and multi-species solute and heat transport},
  author      = {Langevin, C. D},
  year        = {2009},
  institution = {U.S. Geological Survey}
}

@article{Malki.2017,
  title={Impact of agricultural practices on groundwater quality in intensive irrigated area of Chtouka-Massa, Morocco},
  author={Malki, M. and Bouchaou, L. and Hirich, A. and Brahim, Y. A. and Choukr-Allah, R.},
  journal={Science of the Total Environment},
  volume={574},
  pages={760--770},
  year={2017},
  publisher={Elsevier}
}

@techreport{MarocVert.2021,
  author      = {{Ministère de l'Agriculture, de la Pêche Maritime, du Développement Rural et des Eaux et Forêts}},
  shortauthor = {MAPMDREF},
  title       = {Le Plan Maroc Vert, Bilan et Impacts},
  year        = {2021}
}

@misc{Matsuura.2018T,
  author       = {Matsuura, K. and Willmott, C. J.},
  howpublished = {},
  title        = {Terrestrial Air Temperature: 1900-2017 Gridded Monthly Time Series (Version 5.01)},
  year         = {2018},
  organization = {Department of Geography, University of Newark},
  url          = {http://climate.geog.udel.edu/~climate/html_pages/download.html#T2017},
  note         = {Accessed 16.09.2022}
}

@misc{Matsuura.2018P,
  author       = {Matsuura, K. and Willmott, C. J.},
  howpublished = {},
  title        = {Terrestrial Precipitation: 1900-2017 Gridded Monthly Time Series (Version 5.01)},
  year         = {2018},
  organization = {Department of Geography, University of Newark},
  url          = {http://climate.geog.udel.edu/~climate/html_pages/download.html#T2017},
  note         = {Accessed 16.09.2022}
}

@book{Mays.2005,
  title={Groundwater hydrology},
  author={Mays, L. W. and Todd, D. K.},
  publisher={John Wily and Sons, Inc., Arizona State University,},
  year={2005},
  edition        = {3}
}

@book{McDonald.1988,
  title       = {A modular three-dimensional finite-difference ground-water flow model},
  author      = {McDonald, M. G. and Harbaugh, A. W.},
  year        = {1988},
  publisher   = {U.S. Geological Survey}
}

@article{McFadden.2005,
  title     = {Physical weathering in arid landscapes due to diurnal variation in the direction of solar heating},
  author    = {McFadden, L.D. and Eppes, M.C. and Gillespie, A.R. and Hallet, B.},
  journal   = {Geological Society of America Bulletin},
  volume    = {117},
  number    = {1-2},
  pages     = {161--173},
  year      = {2005},
  publisher = {Geological Society of America}
}

@article{Meinzer.1923,
  title={Outline of ground-water hydrology, with definitions},
  author={Meinzer, O. E.},
  journal={U.S. Geol. Survey Water-Supply Paper},
  volume={494},
  pages={71},
  year={1923}
}

@article{Mosteller.1977,
  title={Data analysis and regression. A second course in statistics},
  author={Mosteller, F. and Tukey, J. W.},
  journal={Addison-Wesley series in behavioral science: quantitative methods},
  year={1977}
}

@article{Naeini.2019,
  title   = {Three decades of the Shuffled Complex Evolution (SCE-UA) optimization algorithm: Review and applications},
  author  = {Naeini, M. R. and Analui, B. and Gupta, H. V. and Duan, Q. and Sorooshian, S.},
  journal = {Scientia Iranica},
  volume  = {26},
  number  = {4},
  pages   = {2015--2031},
  year    = {2019}
}

@misc{NASA.SRTM1Arc,
  author       = {{NASA Jet Propulsion Laboratory}},
  shortauthor  = {{NASA JPL}},
  title        = {NASA Shuttle Radar Topography Mission (SRTM) 1 Arc-Second Global},
  year         = {2013},
  organization = {NASA EOSDIS Land Processes DAAC},
  urldate      = {07.09.2022},
  note         = {Accessed 07.09.2022 through \cite{USGS.Earthexplorer}},
  doi          = {/10.5066/F7PR7TFT}
}

@techreport{ORMVASM.2015,
  author      = {{Office Regional de Mise en Valeur Agricole de Souss-Massa}},
  shortauthor = {{ORMVASM}},
  title       = {Production Agricole de la zone d'action de l'ORMVASM, année 2014-2015},
  year        = {2015},
  note        = {No public access, information as cited in \parencite{Malki.2017}},
}

@techreport{Resing.2003,
  author      = {{RESING}},
  title       = {Etude de la stratégie de gestion des ressources en eau dans le bassin du Souss Massa - Mission 1: Diagnostic de la situation actuelle de la gestion et de l'usage des ressources en eau},
  year        = {2003},
  note        = {No public access, information as cited in provided project data},
}

@techreport{Resing.2008,
  author      = {RESING and AQUAPLAN},
  title       = {Plan directeur d'aménagement intégré des ressources en eau (PDAIRE) des bassins Souss Massa},
  year        = {2008},
  note        = {No public access, information as cited in provided project data},
}

@inproceedings{Schreiber.2021,
  title     = {Study of water salinity in the Chtouka plain (Morocco) using TEM geophysical method, chemical and isotopes tracers},
  author    = {Schreiber, H. and Oumarou Danni, S. and Touab, A. and Abourig, F. and Montcoudiol, N. and Ez-Zaouy, Y. and Hssaisoune, M. and Bouchaou, L.},
  booktitle = {EGU General Assembly Conference Abstracts},
  pages     = {EGU21--12074},
  year      = {2021}
}

@article{Schuetze.2012,
  title={Optimal planning and operation of irrigation systems under water resource constraints in Oman considering climatic uncertainty},
  author={Sch{\"u}tze, N. and Kloss, S. and Lennartz, F. and Al Bakri, A. and Schmitz, G. H.},
  journal={Environmental Earth Sciences},
  volume={65},
  number={5},
  pages={1511--1521},
  year={2012},
  publisher={Springer}
}

@article{Stern.2001,
  title   = {Comprehensive approach to verification and validation of CFD simulations—part 1: methodology and procedures},
  author  = {Stern, F. and Wilson, R. V. and Coleman, H. W. and Paterson, E. G.},
  journal = {J. Fluids Eng.},
  volume  = {123},
  number  = {4},
  pages   = {793--802},
  year    = {2001}
}

@book{Taiz.2015,
  title={Plant physiology and development},
  author={Taiz, L. and Zeiger, E. and M{\o}ller, I. M. and Murphy, A. and others},
  number={Ed. 6},
  year={2015},
  publisher={Sinauer Associates Incorporated}
}

@misc{Terratec.2020,
  author       = {Terratec Geophysical Services},
  shortauthor  = {Terratec},
  title        = {(Morocco) - Field Work October 2019 and February 2020},
  year         = {2020}
}

@book{Todd.2005,
  title     = {Groundwater hydrology},
  author    = {Todd, David Keith and Mays, Larry W},
  year      = {2005},
  publisher = {John Wiley \& Sons},
  edition   = {3}
}

@misc{USGS.Earthexplorer,
  author       = {{U.S. Geological Survey}},
  shortauthor  = {{USGS}},
  title        = {Earth Explorer},
  year         = {2018},
  organization = {Earth Resources Observation and Science (EROS) Center, USGS},
  note         = {Accessed 07.09.2022},
  urldate      = {07.09.2022},
  url          = {https://earthexplorer.usgs.gov/}
}

@article{Zheng.1999,
  title         = {MT3DMS: a modular three-dimensional multispecies transport model for simulation of advection, dispersion, and chemical reactions of contaminants in groundwater systems; documentation and user's guide},
  author        = {Zheng, C. and Wang, P. P.},
  year          = {1999},
  organization  = {University of Alabama, Department of Geological Sciences},
  publisher     = {Environmental Laboratory (U.S.)}
}